@article{yang2010fast,
  title={Fast l1-minimization algorithms for robust face recognition},
  author={Yang, Allen Y and Zhou, Zihan and Ganesh, Arvind and Sastry, S Shankar and Ma, Yi},
  journal={arXiv preprint arXiv:1007.3753},
  year={2010}
}

@article{lee2007efficient,
  title={Efficient sparse coding algorithms},
  author={Lee, Honglak and Battle, Alexis and Raina, Rajat and Ng, Andrew Y},
  journal={Advances in neural information processing systems},
  volume={19},
  pages={801},
  year={2007},
  publisher={MIT; 1998}
}

@article{mallat1993matching,
  title={Matching pursuits with time-frequency dictionaries},
  author={Mallat, St{\'e}phane G and Zhang, Zhifeng},
  journal={Signal Processing, IEEE Transactions on},
  volume={41},
  number={12},
  pages={3397--3415},
  year={1993},
  publisher={IEEE}
}

@inproceedings{pati1993orthogonal,
  title={Orthogonal matching pursuit: Recursive function approximation with applications to wavelet decomposition},
  author={Pati, Yagyensh Chandra and Rezaiifar, Ramin and Krishnaprasad, PS},
  booktitle={Signals, Systems and Computers, 1993. 1993 Conference Record of The Twenty-Seventh Asilomar Conference on},
  pages={40--44},
  year={1993},
  organization={IEEE}
}

@article{aharon2006svd,
  title={-svd: An algorithm for designing overcomplete dictionaries for sparse representation},
  author={Aharon, Michal and Elad, Michael and Bruckstein, Alfred},
  journal={Signal Processing, IEEE Transactions on},
  volume={54},
  number={11},
  pages={4311--4322},
  year={2006},
  publisher={IEEE}
}

@inproceedings{l1lskim2007efficient,
  title={An efficient method for compressed sensing},
  author={Kim, Seung-Jean and Koh, Kwangmoo and Lustig, Michael and Boyd, Stephen},
  booktitle={Image Processing, 2007. ICIP 2007. IEEE International Conference on},
  volume={3},
  pages={III--117},
  year={2007},
  organization={IEEE}
}

